% references used in Lawrence Sullivan Ross history report. 
%
% -----------------------------------------------------
% Books.
% -----------------------------------------------------
@unpublished{page,
    title="Lawrence Sullivan Ross: Documents on Race, Ethnicity, Gender and Class",    
    author="William Page",
    date="2019-01-18",
    institution="Texas A&M University Cushing Library",
}

@book{texasbrigade,
    title="Ross' Texas Brigade -- A Narrative of Events Connected with its Services in the Late War Between the States",
    author="Victor M. Rose",
    year="1881",
    publisher="The Courier-Journal Company",
    address="Louisville, Kentucky",
    url={https://www.civilwardigital.com/CWDiaries/Rose,%20Victor%20M.%20Ross%20Texas%20Brigade-%20A%20Narrative%20of%20Events%20Connected%20with%20Its%20Services%20in%20the%20Late%20War%20Between%20the%20States,%201887..pdf}
}

% -----------------------------------------------------
% Websites.
% -----------------------------------------------------
@online{tsha,
    title="Ross, Lawrence Sullivan",
    author="Judith Ann Benner",
    organization="Texas State Historical Association",
    url="https://tshaonline.org/handbook/online/articles/fro81",
}

@online{tsl,
    title="Governors of Texas, 1846-present",
    organization="Texas State Library and Archives Commission",
    url="https://www.tsl.texas.gov/ref/abouttx/governors.html",
}

% -----------------------------------------------------
% Libraries and archives.
% -----------------------------------------------------
@misc{rosspapersummary,
    title="Ross Family Papers \#0014 find aid",
    organization="The Texas Collection",
    institution="Baylor University",
    address="Waco, Texas",
    url="https://www.baylor.edu/content/services/document.php/159554.pdf",
}

@report{pardonrequest,
    title={L.S. Ross application for special pardon},
    publication={Case Files of Applications from Former Confederates for Presidential Pardons ("Amnesty Papers"), 1865-1867},
    institution={The National Archives},
    url={https://www.fold3.com/browse/249/hCLUo81WsPhlLVzDtS0OwruNWNgXCUQh7hs0Mfe2e},
}

% -----------------------------------------------------
% Newspapers and magazines.
% -----------------------------------------------------
@misc{houstonpost,
    title="Sul Ross",
    author="Edward L. Blackshear",
    date="1898-01-09",
    publisher="Houston Daily Post",
    url="https://texashistory.unt.edu/ark:/67531/metapth84382/m1/7/zoom/?resolution=1&lat=1857.6277416450366&lon=1141.7694392845633",
}

@article{gdaily:1892-10-26,
    title={THE STATE FAIR: A Grand Gathering of Battle-Scarred Warriors: Addresses by Gov. Ross and others},
    date={1892-10-26},
    publisher={Galvaston Daily News},
    url={https://www.newspapers.com/image/23639988/},
}

@article{fwg:1887-06-28,
    title={HOOD'S BRIGADE: A Grand Gathering of Confederate Veterans -- The Annual Re-Union of Hood's Brigade},
    date={1887-06-28},
    publisher={The Fort Worth Daily Gazette},
    url={https://www.newspapers.com/image/64198228/},
}

@article{sanmarcospress,
    title={Anarchy in Texas -- two of its Late Exhibitions},
    date={1888-03-15},
    publisher={San Marcos Free Press},
    url={https://www.newspapers.com/image/215088042/},
}

@article{gdaily:1888-03-21,
    title={Budget of Austin Advices: Do not want rangers in Wharton: Governor Ross' Response to a Protest by Her Citizens},
    date={1888-03-21},
    publisher={Galvaston Daily News},
    url={https://www.newspapers.com/image/22260041/},
}

@article{fwg:1888-04-06,
    date={1888-04-06},
    publisher={The Fort Worth Daily Gazette},
    url={https://www.newspapers.com/image/68079425/}}

@article{wde:1883-10-20,
    title={Armistead Ross},
    publisher={The Waco Daily Examiner},
    url={https://www.newspapers.com/image/73701458/}}

% -----------------------------------------------------
% Personal emails.
% -----------------------------------------------------
@misc{page:email,
    title={Personal research request: Lawrence Sullivan Ross},
    author={John Rangel, William Page},
    date={2020-06-01},
    howpublished={email personal correspondence},
}

@misc{vaughan:email,
    title={Personal research request: Lawrence Sullivan Ross},
    author={John Rangel, Benna Vaughan},
    date={2020-06-01},
    howpublished={email personal correspondence},
}




